@Book{Boyd:2004:CO:993483,
  Title                    = {Convex Optimization},
  Author                   = {Boyd, Stephen and Vandenberghe, Lieven},
  Publisher                = {Cambridge University Press},
  Year                     = {2004},
  Address                  = {New York, NY, USA},
}

@Book{bourbaki1998general,
  Title                    = {General Topology: Chapters 1-4},
  Author                   = {Bourbaki, N.},
  Publisher                = {Springer},
  Year                     = {1998},
  Series                   = {Elements of mathematics}
}

@book{golub,
 author = {Golub, Gene H. and Van Loan, Charles F.},
 title = {Matrix Computations (3rd Ed.)},
 year = {1996},
 publisher = {Johns Hopkins University Press},
 address = {Baltimore, MD, USA},
}

@Book{shawe-taylor04kernel,
  Title                    = {Kernel Methods for Pattern Analysis},
  Author                   = {John Shawe-Taylor and Nello Cristianini},
  Publisher                = {Cambridge University Press},
  Year                     = {2004}
}

@Book{nla,
  Title                    = { Templates for the solution of algebraic eigenvalue problems},
  Author                   = {Bai, Z. and Demmel, J. and Dongarra, J. and Ruhe, A. and van der Vorst, H. and eds},
  Publisher                = {Society for Industrial and Applied Mathematics Philadelphia},
  Year                     = {2000}
}

@Book{Nesterov98globalquadratic,
    author = {Yu. Nesterov},
    title = {Global Quadratic Optimization via Conic Relaxation},
    booktitle = {},
    year = {1998},
    publisher={Universit{\'e} Catholique de Louvain. Center for Operations Research and Econometrics [CORE]}
}

@book{multilingualBook,
	author = {Peters, Carol and Braschler, Martin},
	title = {Multilingual Information Retrieval},
	publisher = {Springer Berlin Heidelberg},
	Year = {2012},
	address = {Berlin, Heidelberg},
}

@Book{gifi,
  Title                    = {Nonlinear Multivariate Analysis},
  Author                   = {Albert Gifi},
  Publisher                = {Wiley Series in Probability and Statistics},
  Year                     = {1990}
}

@book{LAL,
 author = {Cullum, Jane K. and Willoughby, Ralph A.},
 title = {Lanczos Algorithms for Large Symmetric Eigenvalue Computations, Vol. 1},
 year = {2002},
 publisher = {Society for Industrial and Applied Mathematics},
 address = {Philadelphia,USA},
}
