@InProceedings{polyLDA,
  Title                    = {Polylingual Topic Models},
  Author                   = {Mimno, David and Wallach, Hanna M. and Naradowsky, Jason and Smith, David A. and McCallum, Andrew},
  Booktitle                = {Proceedings of the 2009 Conference on Empirical Methods in Natural Language Processing {EMNLP}: Volume 2 - Volume 2},
  Year                     = {2009},
  Address                  = {Stroudsburg, PA, USA},
  Pages                    = {880--889},
  Publisher                = {Association for Computational Linguistics},
  Series                   = {EMNLP '09},
  Acmid                    = {1699627},
  address                 = {Singapore},
  Numpages                 = {10}
}

@InProceedings{cotrain,
  Title                    = {Co-training for cross-lingual sentiment classification},
  Author                   = {Wan, Xiaojun},
  Booktitle                = {Proceedings of the Joint Conference of the 47th Annual Meeting of the ACL and the 4th International Joint Conference on Natural Language Processing of the AFNLP: Volume 1-Volume 1},
  Year                     = {2009},
  address = {Stroudsburg, PA, USA},
  Organization             = {Association for Computational Linguistics},
  Pages                    = {235--243}
}

@InProceedings{nonnegfactor_lsi,
  Title                    = {A novel two-step method for cross language representation learning},
  Author                   = {Xiao, Min and Guo, Yuhong},
  Booktitle                = {Advances in Neural Information Processing Systems 26 {NIPS}},
  address = {Sateline, NV, USA},
  Year                     = {2013},
  Pages                    = {1259--1267}
}



@InProceedings{PCL_LSA,
  Title                    = {Cross-lingual latent topic extraction},
  Author                   = {Zhang, Duo and Mei, Qiaozhu and Zhai, ChengXiang},
  Booktitle                = {Proceedings of the 48th Annual Meeting of the Association for Computational Linguistics {ACL}},
  address = {Uppsala, Sweden},
  Year                     = {2010},
  Organization             = {Association for Computational Linguistics},
  Pages                    = {1128--1137}
}




@article{bicompare:16,
      author = {Upadhyay, Shyam and Faruqui, Manaal  and Dyer, Chris and Roth, Dan},
      title = {Cross-lingual Models of Word Embeddings: An Empirical Comparison},
      journal = {arxiv},
      volume = {1604.00425},
      year = {2016},
      url = {http://arxiv.org/pdf/1604.00425v1.pdf},
    }

@article{sharma2016cross,
  title={Cross Lingual Information Retrieval {(CLIR)}: Review of Tools, Challenges and Translation Approaches},
  author={Sharma, Vijay Kumar and Mittal, Namita},
  journal={Information Systems Design and Intelligent Applications},
  pages={699--708},
  year={2016},
  publisher={Springer}
}

@article{pozniak2016optimization,
  title={Optimization of Cross-Lingual {LSI} Training Data},
  author={Pozniak, John and Bradford, Roger},
  journal={Computer and Information Science 2015},
  pages={57--73},
  year={2016},
  publisher={Springer}
}

@inproceedings{hieber2015bag,
  title={Bag-of-words forced decoding for cross-lingual information retrieval},
  author={Hieber, Felix and Riezler, Stefan},
  booktitle={Proceedings of the Conference of the North American Chapter of the Association for Computational Linguistics-Human Language Technologies },
 address = {Denver, Colorado },
  year={2015}
}

@inproceedings{sogaard2015inverted,
  title={Inverted indexing for cross-lingual nlp},
  author={S{\o}gaard, Anders and Agi{\'c}, {\v{Z}}eljko and Alonso, H{\'e}ctor Mart{\'\i}nez and Plank, Barbara and Bohnet, Bernd and Johannsen, Anders},
  booktitle={The 53rd Annual Meeting of the Association for Computational Linguistics and the 7th International Joint Conference of the Asian Federation of Natural Language Processing (ACL-IJCNLP 2015)},
 address = {Beijing, China},
  year={2015}
}

@article{barron2014comparison,
  title={A comparison of approaches for measuring cross-lingual similarity of {W}ikipedia articles},
  author={Barr{\'o}n-Cedeno, Alberto and Paramita, Monica Lestari and Clough, Paul and Rosso, Paolo},
  journal={Advances in Information Retrieval},
  pages={424--429},
  year={2014},
  publisher={Springer}
}

@inproceedings{faruqui-dyer:2014:EACL,
title     = {Improving Vector Space Word Representations Using Multilingual Correlation},
  booktitle = {Proceedings of the 14th Conference of the European Chapter of the Association for Computational Linguistics, {EACL}},
address = {Gothenburg, Sweden},
  pages     = {462--471},
  year      = {2014},
}

@inproceedings{huang2013cross,
  title={Cross-language knowledge transfer using multilingual deep neural network with shared hidden layers},
  author={Huang, Jui-Ting and Li, Jinyu and Yu, Dong and Deng, Li and Gong, Yifan},
  booktitle={IEEE International Conference on Acoustics, Speech and Signal Processing {ICASSP}},
 address = {Vancouver, British Columbia, Canada},
  pages={7304--7308},
  year={2013},
  organization={IEEE}
}


@article{rinser2013cross,
  title={Cross-lingual entity matching and infobox alignment in {W}ikipedia},
  author={Rinser, Daniel and Lange, Dustin and Naumann, Felix},
  journal={Information Systems},
  volume={38},
  number={6},
  pages={887--907},
  year={2013},
  publisher={Elsevier}
}

@inproceedings{SPITKOVSKY12.266,
  author = {Valentin I. Spitkovsky and Angel X. Chang},
  title = {A Cross-Lingual Dictionary for English {W}ikipedia Concepts},
  booktitle = {Proceedings of the Eight International Conference on Language Resources and Evaluation {LREC'12}},
  year = {2012},
  month = {may},
  date = {23-25},
  address = {Istanbul, Turkey},
  publisher = {{ELRA}},
  language = {english}
 }


@article{sorg2012exploiting,
  title={Exploiting {W}ikipedia for cross-lingual and multilingual information retrieval},
  author={Sorg, Philipp and Cimiano, Philipp},
  journal={Data \& Knowledge Engineering},
  volume={74},
  pages={26--45},
  year={2012},
  publisher={Elsevier}
}
