@Article{Horst,
  Title                    = {Relations among m sets of measures},
  Author                   = {Horst, P.},
  Journal                  = {Psychometrika},
  Year                     = {1961},
  Pages                    = {129-149},
  Volume                   = {26}
}

@Article{Kettenring,
  Title                    = {Canonical analysis of several sets of variables},
  Author                   = {Kettenring, J.~R.},
  Journal                  = {Biometrika},
  Year                     = {1971},
  Pages                    = {433-45},
  Volume                   = {58}
}

@Article{Carroll,
  Title                    = {Generalization of canonical correlation analysis to three or more sets of variables},
  Author                   = {Carroll, J.~D.},
  Journal                  = {Proceedings of the American Psychological Association},
  Year                     = {1968},
  Pages                    = {227-228}
}

@Article{Chu,
  Title                    = {On a Multivariate Eigenvalue Problem, Part I: Algebraic Theory and a Power Method},
  Author                   = {Moody T. Chu and J. Loren Watterson},
  Journal                  = {SIAM J. on Scientific Computing},
  Year                     = {1993},
  Pages                    = {1089-1106},
  Volume                   = {Vol.14 NO.5}
}

@Article{GlobalMEP,
  Title                    = {On a Multivariate Eigenvalue Problem, Part II: Global Solutions and the Gauss-Seidel Method},
  Author                   = {Lei-Hong Zhang and Moody and T. Chu},
  Journal                  = {pre-print},
  HowPublished             = {\url{http://www4.ncsu.edu/~mtchu/Research/Papers/On the MEP II_04.pdf}}
}

@Article{GlobalMEP2,
  Title                    = {Towards the global solution of the maximal correlation problem},
  Author                   = {Zhang, Lei-Hong and Liao, Li-Zhi and Sun, Li-Ming},
  Journal                  = {J. of Global Optimization},
  Year                     = {2011},
  Month                    = jan,
  Number                   = {1},
  Pages                    = {91--107},
  Volume                   = {49},
  Acmid                    = {1900638},
  Address                  = {Hingham, MA, USA},
  ISSN                     = {0925-5001},
  Issue_date               = {January 2011},
  Keywords                 = {Canonical correlation, Gauss-Seidel method, Global maximizer, Maximal correlation problem, Multivariate eigenvalue problem, Multivariate statistics, Nonnegative irreducible matrix, Power method},
  Publisher                = {Kluwer Academic Publishers}
}


% APPLICATIONS

@article{ControlApplication,
  title={Computing optimal model perturbations: A constraint optimization problem},
  author={Van Noorden, TL and Barkeijer, J},
  journal={Preprint},
  volume={1308},
  year={2004},
  publisher={Citeseer}
}

@Article{JointBSSAppl,
  Title                    = {Joint blind source separation by multiset canonical correlation analysis},
  Author                   = {Li, Yi-Ou and Adali, T\"{u}lay and Wang, Wei and Calhoun, Vince D.},
  Journal                  = {Trans. Sig. Proc.},
  Year                     = {2009},
  Month                    = oct,
  Number                   = {10},
  Pages                    = {3918--3929},
  Volume                   = {57},
  Acmid                    = {1653515},
  Address                  = {Piscataway, NJ, USA},
  ISSN                     = {1053-587X},
  Issue_date               = {October 2009},
  Keywords                 = {Canonical correlation analysis, canonical correlation analysis, gronp analysis, group analysis, independent component analysis, joint blind source separation},
  Numpages                 = {12},
  Publisher                = {IEEE Press}
}

@InCollection{kernelHyperAppl,
  Title                    = {Kernel Hyperalignment},
  Author                   = {Alexander Lorbert and Peter Ramadge},
  Booktitle                = {NIPS 25},
  Year                     = {2012},
  Pages                    = {1799--1807}
}


@Misc{nonlinJointBSS,
  Title                    = {Nonlinear Blind Source Separation Using Kernel Multi-set Canonical Correlation Analysis},
  Author                   = {Hua-Gang Yu and Gao-Ming Huang and Jun Gao},
  Month                    = nov,
  Year                     = {2010},
  Journal                  = {IJCNIS},
  Number                   = {1},
  Publisher                = {MECS},
  Volume                   = {2}
}