
@article{FBMJ,
    author = {Michael I. Jordan and Francis R. Bach},
    title = {Kernel Independent Component Analysis},
    journal = {Journal of Machine Learning Research},
    year = {2001},
    volume = {3},
    pages = {1--48}
}

@article{Hotelling,
  author = {Hotelling, H.},
  title = {The most predictable criterion},
  journal = {Journal of Educational Psychology},
  volume = {26},
  pages = {139-142},
  year = {1935}
}

@article{HardoonSS04,
  author    = {David R. Hardoon and
               S{\'a}ndor Szedm{\'a}k and
               John Shawe-Taylor},
  title     = {Canonical Correlation Analysis: An Overview with Application
               to Learning Methods},
  journal   = {Neural Computation},
  volume    = {16},
  number    = {12},
  year      = {2004},
  pages     = {2639-2664},
  ee        = {http://neco.mitpress.org/cgi/content/abstract/16/12/2639},
  bibsource = {DBLP, http://dblp.uni-trier.de}
}

@inbook{mrpqr,
  author	= {B. Fortuna and N. Cristianini and J. Shawe-Taylor},
  title		= {Kernel methods in bioengineering, communications and image processing},
  chapter       = {A Kernel Canonical Correlation Analysis For Learning The Semantics Of Text},
  pages         = {263-282},
  year		= 2006,
  publisher	= {Idea Group Publishing},
}

@book{LAL,
 author = {Cullum, Jane K. and Willoughby, Ralph A.},
 title = {Lanczos Algorithms for Large Symmetric Eigenvalue Computations, Vol. 1},
 year = {2002},
 isbn = {0898715237},
 publisher = {Society for Industrial and Applied Mathematics},
 address = {Philadelphia,USA},
}




@article{depolli13,
  keywords = {myarticle},
	author = {Matjaž Depolli and Roman Trobec and Bogdan Filipič},
	title = {Asynchronous master-slave parallelization of differential evolution for multiobjective optimization},
	journal = {Evolutionary Computation},
	volume = {21},
	number = {2},
	pages = {261--291},
	year = {2013}
}

@phdthesis{dovgan14eng,
	author = {Erik Dovgan},
	title = {Multiobjective Discovery of Driving Strategies},
	school = {{Jožef Stefan International Postgraduate School}},
	address = {Ljubljana, Slovenia},
	year = {2014}
}

@phdthesis{dovgan14slo,
	author = {Erik Dovgan},
	title = {Multiobjective Discovery of Driving Strategies},
	school = {{Mednarodna podiplomska šola Jožefa Stefana}},
	address = {Ljubljana, Slovenija},
	year = {2014}
}

@book{grace10,
	author = {David Grace and Mihael Mohorčič and Debbie Kedhar and Guanhua Chen and Pairoj Likitthanasate and Roman Novak and Tomaž Javornik},
	title = {Broadband Communications via High-Altitude Platforms},
	address = {Chichester},
	publisher = {Wiley},
	year = {2010}
}

@report{ivekovic13eng,
	author = {Aljaž Iveković and Saša Novak and Goran Dražić},
	title = {Definition of a fabrication route for an optimised {SiC}-based composite: {A}nnual report on {EFDA} task activities in 2011},
	institution = {{Jožef Stefan} Institute},
	type = {Technical report},
	number = {{IJS-DP} 11281},
	year = {2013}
}

@report{ivekovic13slo,
	author = {Aljaž Iveković and Saša Novak and Goran Dražić},
	title = {Definition of a fabrication route for an optimised {SiC}-based composite: {A}nnual report on {EFDA} task activities in 2011},
	institution = {Institut ``Jožef Stefan''},
	type = {Tehnično poročilo},
	number = {{IJS-DP} 11281},
	year = {2013}
}

@article{kobal04,
	author = {Alfred Bogomir Kobal and Milena Horvat and Marija Prezelj and Alenka Sešek-Briški and Mladen Krsnik and Tatjana Dizdarevič and Darja Mazej and Ingrid Falnoga and Vekoslava Stibilj and Niko Arnerić and Darja Kobal Grum and Joško Osredkar},
	title = {The impact of long-term past exposure to elemental mercury on antioxidative capacity and lipid peroxidation in mercury miners},
	journal = {Journal of Trace Elements in Medicine and Biology},
	volume = {17},
	pages = {261--274},
	year = {2004}
}

@article{mihailovic06,
  keywords = {myarticle},
	author = {Dragan Mihailović and Primož Kušar and Jure Demšar and Viktor V Kabanov},
	title = {The determination of length scales associated with dynamic inhomogeneity in cuprate superconductors},
	journal = {Journal of Superconductivity},
	volume = {19},
	number = {1/2},
	pages = {43--47},
	year = {2006}
}

@inproceedings{novak12eng,
	author = {Nikola Novak and Zdravko Kutnjak},
	title = {Basic study of relaxors: materials for high technological devices},
	booktitle = {Proceedings of the 4th {Jožef Stefan International Postgraduate School} Students Conference},
	editor = {Dejan Petelin and Aleš Tavčar and Boštjan Kaluža},
	address = {Ljubljana, Slovenia},
	publisher = {{Jožef Stefan International Postgraduate School}},
	pages = {275--280},
	year = {2012}
}

@inproceedings{novak12slo,
	author = {Nikola Novak and Zdravko Kutnjak},
	title = {Basic study of relaxors: materials for high technological devices},
	booktitle = {Zbornik 4. {Š}tudentske konference {M}ednarodne podiplomske šole {Jožefa Stefana}},
	editor = {Dejan Petelin and Aleš Tavčar and Boštjan Kaluža},
	address = {Ljubljana, Slovenija},
	publisher = {{Mednarodna podiplomska šola Jožefa Stefana}},
	pages = {275--280},
	year = {2012}
}

@incollection{smodis09,
	author = {Borut Smodiš and Ljudmila Benedik},
	title = {Combination of radiochemical and activation techniques for the detection of radionuclides},
	booktitle = {New Techniques for the Detection of Nuclear and Radioactive Agents},
	editor = {Gul Asiye Aycik},
	publisher = {Springer},
	year = {2009}
}

@mastersthesis{tusar07eng,
	author = {Tea Tušar},
	title = {Design of an Algorithm for Multiobjective Optimization with Differential Evolution},
	school = {Faculty of Computer and Information Science, University of {Ljubljana}},
	address = {Ljubljana, Slovenia},
	year = {2007}
}

@mastersthesis{tusar07slo,
	author = {Tea Tušar},
	title = {Design of an Algorithm for Multiobjective Optimization with Differential Evolution},
	school = {Fakulteta za računalništvo in informatiko, {U}niverza v {L}jubljani},
	address = {Ljubljana, Slovenija},
	year = {2007}
}

@article{tusar14,
  keywords = {myarticle},
	author = {Tea Tušar and Bogdan Filipič},
  title = {Visualization of {Pareto} Front Approximations in Evolutionary Multiobjective Optimization: {A} Critical Review and the Prosection Method},
  journal = {IEEE Transactions on Evolutionary Computation},
  year = {2014},
  doi = {10.1109/TEVC.2014.2313407},
  note = {In press}
}

@inproceedings{zupanc13,
  keywords = {myconf},
	author = {Mojca Zupanc and Tina Kosjek and Martin Petkovšek and Matevž Dular and Boris Kompare and Brane Širok and Željko Blažeka and Ester Heath},
	title = {Removal of micropollutants by suspended biomass and biofilm processes and their improved removal by coupling biofilm process with alternative treatments},
	booktitle = {Proceedings of the 9th International Conference on Biofilm Reactors},
	address = {Paris, France},
	publisher = {International Water Association},
	year = {2012}
}

@online{pythagoras,
	title = {Pythagorean Theorem},
	year = {2014},
	url = {http://en.wikipedia.org/wiki/Pythagorean_theorem},
	urldate = {2014-02-01}
}

@online{pitagora,
	title = {Pitagorov izrek},
	year = {2014},
	url = {http://sl.wikipedia.org/wiki/Pitagorov_izrek},
	urldate = {2014-02-01}
}
