@Article{Bendel_Mickey_78,
  Title                    = {{Population correlation matrices for sampling experiments}},
  Author                   = {Bendel, R. B. and Mickey, M. R.},
  Journal                  = {Communications in Statistics: Simulation and Computation},
  Year                     = {1978},
  Number                   = {1},
  Pages                    = {163--182},
  Volume                   = {B7},

  Citeulike-article-id     = {6904007},
  Posted-at                = {2010-03-25 06:09:30},
  Priority                 = {2}
}

@Article{Holmes:1991:RCM:105724.105730,
  Title                    = {On random correlation matrices},
  Author                   = {Holmes, R. B.},
  Journal                  = {SIAM J. Matrix Anal. Appl.},
  Year                     = {1991},
  Month                    = mar,
  Number                   = {2},
  Pages                    = {239--272},
  Volume                   = {12},
  Publisher                = {Society for Industrial and Applied Mathematics}
}
