@misc{xlike,
  howpublished = {\url{http://www.xlike.org/}}
}

@misc{metanet,
  howpublished = {\url{http://www.meta-net.eu/}}
}

@misc{mlweb,
  howpublished = {\url{http://www.multilingualweb.eu/}}
}

@misc{pdata,
  howpublished = {\url{http://www.planet-data.eu/}}
}

@misc{translectures,
  howpublished = {\url{http://translectures.eu/}}
}

@misc{render,
  howpublished = {\url{http://render-project.eu/}}
}
