@article{zhang2014,
 author = {Zhang, Lei and Rettinger, Achim},
 title = {X-LiSA: Cross-lingual Semantic Annotation},
 journal = {Proceedings of the Very Large Data Bases {VLDB} Endowment},
 issue_date = {August 2014},
 volume = {7},
 number = {13},
 month = aug,
 year = {2014},
 pages = {1693--1696},
 numpages = {4},
 acmid = {2733063},
 publisher = {VLDB Endowment},
}

@article{plagiarism,
 author = {Potthast, Martin and Barr\'{o}n-Cede\~{n}o, Alberto and Stein, Benno and Rosso, Paolo},
 title = {Cross-language Plagiarism Detection},
 journal = {Language Resources and Evaluation, {LRE}},
 issue_date = {March     2011},
 volume = {45},
 number = {1},
 month = mar,
 year = {2011},
 pages = {45--62},
 numpages = {18},
 acmid = {1961139},
 publisher = {Springer-Verlag New York, Inc.},
 address = {Secaucus, NJ, USA},
 keywords = {Cross-language, Evaluation, Plagiarism detection, Retrieval model, Similarity},
}

@inproceedings{ESA,
  author    = {Martin Potthast and
               Benno Stein and
               Maik Anderka},
  title     = {A {W}ikipedia-Based Multilingual Retrieval Model},
  booktitle = {Advances in Information Retrieval , 30th European Conference on Information Retrieval
               Research {ECIR}},
  address = {Glasgow, UK},
  pages     = {522--530},
  year      = {2008},
  timestamp = {Mon, 14 Apr 2008 15:22:16 +0200},
  biburl    = {http://dblp.uni-trier.de/rec/bib/conf/ecir/PotthastSA08},
  bibsource = {dblp computer science bibliography, http://dblp.org}
}

@inproceedings{Milne:2008:LLW:1458082.1458150,
 author = {Milne, David and Witten, Ian H.},
 title = {Learning to Link with Wikipedia},
 booktitle = {Proceedings of the 17th ACM Conference on Information and Knowledge Management {CIKM}},
 series = {CIKM '08},
 year = {2008},
  address = {Napa Valley, California, USA},
 pages = {509--518},
 numpages = {10},
 acmid = {1458150},
 publisher = {ACM},
 address = {New York, NY, USA},
 keywords = {data mining, semantic annotation, wikipedia, word sense disambiguation},
}

@InProceedings{platt2010translingual,
  Title                    = {Translingual document representations from discriminative projections},
  Author                   = {Platt, John C and Toutanova, Kristina and Yih, Wen-tau},
  Booktitle                = {Proceedings of the 2010 Conference on Empirical Methods in Natural Language Processing {EMNLP}},
  Address = {Massachusetts, USA},
  Year                     = {2010},
  Organization             = {Association for Computational Linguistics},
  Pages                    = {251--261}
}

@Article{Pouliquen2006,
  Title                    = {Automatic annotation of multilingual text collections with a conceptual thesaurus},
  Author                   = {Pouliquen, Bruno and Steinberger, Ralf and Ignat, Camelia},
  Journal                  = {arXiv preprint cs/0609059},
  Year                     = {2006}
}

@Inproceedings{zhang2014saaacamactat,
	title = {Semantic Annotation, Analysis and Comparison: A Multilingual and Cross-lingual Text Analytics Toolkit},
	booktitle = {Proceedings of the Demonstrations at the 14th Conference of the European Chapter of the Association for Computational Linguistics {EACL}},
    address = {Gothenburg, Sweden},
	month = {April},
	pages = {13-16},
	publisher = {Association for Computational Linguistics},
	year = {2014},
	type = {Inproceedings},
	author = {Lei Zhang and Achim Rettinger}
}

@article{bicompare:16,
      author = {Upadhyay, Shyam and Faruqui, Manaal  and Dyer, Chris and Roth, Dan},
      title = {Cross-lingual Models of Word Embeddings: An Empirical Comparison},
      journal = {arxiv},
      volume = {1604.00425},
      year = {2016},
      url = {http://arxiv.org/pdf/1604.00425v1.pdf},
    }

@InProceedings{Hermann:2014:ACLphil,
  author    = {Hermann, Karl Moritz and Blunsom, Phil},
  title     = {{Multilingual Models for Compositional Distributional Semantics}},
  booktitle = {Proceedings of ACL},
  year      = {2014},
  month     = jun,
  url       = {http://arxiv.org/abs/1404.4641},
}

@inproceedings{DBLP:conf/acl/VulicM15,
  author    = {Ivan Vulic and
               Marie{-}Francine Moens},
  title     = {Bilingual Word Embeddings from Non-Parallel Document-Aligned Data
               Applied to Bilingual Lexicon Induction},
  booktitle = {Proceedings of the 53rd Annual Meeting of the Association for Computational
               Linguistics and the 7th International Joint Conference on Natural
               Language Processing of the Asian Federation of Natural Language Processing,
               {ACL}},
  address = {Beijing, China},
  pages     = {719--725},
  year      = {2015},
}

@inproceedings{lu2015deep,
  author    = {Ang Lu and
               Weiran Wang and
               Mohit Bansal and
               Kevin Gimpel and
               Karen Livescu},
  title     = {Deep Multilingual Correlation for Improved Word Embeddings},
  booktitle = {{NAACL} {HLT} 2015, The 2015 Conference of the North American Chapter
               of the Association for Computational Linguistics: Human Language Technologies,
               Denver, Colorado, USA, May 31 - June 5, 2015},
  pages     = {250--256},
  year      = {2015},
}


@article{pozniak2016optimization,
  title={Optimization of Cross-Lingual {LSI} Training Data},
  author={Pozniak, John and Bradford, Roger},
  journal={Computer and Information Science 2015},
  pages={57--73},
  year={2016},
  publisher={Springer}
}

@inproceedings{sogaard2015inverted,
  title={Inverted indexing for cross-lingual nlp},
  author={S{\o}gaard, Anders and Agi{\'c}, {\v{Z}}eljko and Alonso, H{\'e}ctor Mart{\'\i}nez and Plank, Barbara and Bohnet, Bernd and Johannsen, Anders},
  booktitle={The 53rd Annual Meeting of the Association for Computational Linguistics and the 7th International Joint Conference of the Asian Federation of Natural Language Processing (ACL-IJCNLP 2015)},
 address = {Beijing, China},
  year={2015}
}

@article{barron2014comparison,
  title={A comparison of approaches for measuring cross-lingual similarity of {W}ikipedia articles},
  author={Barr{\'o}n-Cedeno, Alberto and Paramita, Monica Lestari and Clough, Paul and Rosso, Paolo},
  journal={Advances in Information Retrieval},
  pages={424--429},
  year={2014},
  publisher={Springer}
}

@inproceedings{faruqui-dyer:2014:EACL,
title     = {Improving Vector Space Word Representations Using Multilingual Correlation},
  booktitle = {Proceedings of the 14th Conference of the European Chapter of the Association for Computational Linguistics, {EACL}},
address = {Gothenburg, Sweden},
  pages     = {462--471},
  year      = {2014},
}

@article{rinser2013cross,
  title={Cross-lingual entity matching and infobox alignment in {W}ikipedia},
  author={Rinser, Daniel and Lange, Dustin and Naumann, Felix},
  journal={Information Systems},
  volume={38},
  number={6},
  pages={887--907},
  year={2013},
  publisher={Elsevier}
}

@inproceedings{SPITKOVSKY12.266,
  author = {Valentin I. Spitkovsky and Angel X. Chang},
  title = {A Cross-Lingual Dictionary for English {W}ikipedia Concepts},
  booktitle = {Proceedings of the Eight International Conference on Language Resources and Evaluation {LREC'12}},
  year = {2012},
  month = {may},
  date = {23-25},
  address = {Istanbul, Turkey},
  publisher = {{ELRA}},
  language = {english}
 }


@article{sorg2012exploiting,
  title={Exploiting {W}ikipedia for cross-lingual and multilingual information retrieval},
  author={Sorg, Philipp and Cimiano, Philipp},
  journal={Data \& Knowledge Engineering},
  volume={74},
  pages={26--45},
  year={2012},
  publisher={Elsevier}
}
