@Article{Hotelling,
  title={The most predictable criterion},
  author={Hotelling, Harold},
  journal={Journal of educational Psychology {JEP}},
  volume={26},
  number={2},
  pages={139},
  year={1935},
  publisher={Warwick \& York}
}

@Article{FBMJ,
  Title                    = {Kernel Independent Component Analysis},
  Author                   = {Michael I. Jordan and Francis R. Bach},
  Journal                  = {Journal of Machine Learning Research {JMLR}},
  Year                     = {2001},
  Pages                    = {1--48},
  Volume                   = {3}
}

@TechReport{HardoonCCA,
  Title                    = {Canonical correlation analysis; An overview with application to learning methods},
  Author                   = {David R. Hardoon and Sandor Szedmak and Or Szedmak and John Shawe-Taylor},
  Year                     = {2007}
}

@InBook{mrpqr,
  Title                    = {Kernel methods in bioengineering, communications and image processing},
  Author                   = {B. Fortuna and N. Cristianini and J. Shawe-Taylor},
  Chapter                  = {A Kernel Canonical Correlation Analysis For Learning The Semantics Of Text},
  Pages                    = {263-282},
  Publisher                = {Idea Group Publishing},
  Year                     = {2006}
}

@InCollection{ccanewsbias,
  Title                    = {Detecting the bias in media with statistical learning methods},
  Author                   = {Blaz Fortuna AND Carolina Galleguillos AND Nello Cristianini},
  Booktitle                = {Text Mining: Classification, Clustering, and Applications},
  Publisher                = {Chapman and Hall/CRC press},
  Year                     = {2009}
}

@InProceedings{vinokourov2002inferring,
  Title                    = {Inferring a semantic representation of text via cross-language correlation analysis},
  Author                   = {Vinokourov, Alexei and Cristianini, Nello and Shawe-Taylor, John S},
  Booktitle                = {Advances in Neural Information Processing Systems 15, {NIPS}},
  address = {Vancouver, British Columbia, Canada},
  Pages                    = {1473--1480},
  Year                     = {2002}
}

@InProceedings{ccatextdva,
  Title                    = {Kernel Canonical Correlation Analysis With Applications},
  Author                   = {Blaz Fortuna},
  Booktitle                = {Proceedings of the 7th Multiconference on Information Society, {IS}},
  Address = {Ljubljana, Slovenia},
  Year                     = {2004}
}

@InProceedings{Hardoon_usingimage,
  Title                    = {Using image stimuli to drive fMRI analysis},
  Author                   = {Hardoon, David R and Mourao-Miranda, Janaina and Brammer, Michael and Shawe-Taylor, John},
  Booktitle                = {Neural Information Processing, 14th International Conference, {ICONIP}},
  address = {Kitakyushu, Japan},
  Year                     = {2008},
  Organization             = {Springer},
  Pages                    = {477--486}
}

@InProceedings{svm2k,
  Title                    = {Two view learning: SVM-2K, theory and practice},
  Author                   = {Farquhar, Jason and Hardoon, David and Meng, Hongying and Shawe-taylor, John S and Szedmak, Sandor},
  Booktitle                = {Advances in Neural Information Processing Systems 18, {NIPS}},
  address = {Vancouver, British Columbia, Canada},
  Year                     = {2005},
  Pages                    = {355--362}
}
