@InProceedings{Salton88term-weightingapproaches,
  title={Term-weighting approaches in automatic text retrieval},
  author={Salton, Gerard and Buckley, Christopher},
  journal={Information Processing \& Management {IPM}},
  volume={24},
  number={5},
  pages={513--523},
  year={1988},
  publisher={Elsevier}
}

@InProceedings{voorhees1999trec,
  Title                    = {The {TREC-8} Question Answering Track Report},
  Author                   = {Voorhees, Ellen M and others},
  address = {Gaithersburg, MD, USA},
  Booktitle                = {Proceedings of the 8th Text Retrieval Conference {TREC-8}},
  Year                     = {1999},
  Pages                    = {77--82},
  Volume                   = {99}
}
