@Article{Pearson1901On,
  Title                    = {{On lines and planes of closest fit to systems of points in space}},
  Author                   = {Pearson, K.},
  Journal                  = {Philosophical Magazine} ,
  Year                     = {1901},
  Number                   = {6},
  Pages                    = {559--572},
  Volume                   = {2},
  Citeulike-article-id     = {2013414},
  Keywords                 = {pca},
  Posted-at                = {2007-11-29 10:41:36},
  Priority                 = {2}
}

@Article{lsi,
  Title                    = {Indexing by latent semantic analysis},
  Author                   = {Deerwester, S. and Dumais, S. T. and Landauer, T. K. and Furnas, G. W. and Harshman, R. A.},
  Journal                  = {Journal of the American Society for Information Science},
  Year                     = {1990},
  Pages                    = {391--407},
  Volume                   = {41(6)}
}

@InProceedings{cl_lsi,
  Title                    = {Automatic Cross-Language Retrieval Using Latent Semantic Indexing},
  Author                   = {S.T. Dumais and T.A. Letsche and M.L. Littman and T.K Landauer},
  Booktitle                = {AAAI spring symposium on cross-language text and speech retrieval. American Association for Artificial Intelligence, vol. 16. 1997},
  Year                     = {1997},
  Pages                    = {21}
}

@PhdThesis{cindex,
  Title                    = {Dubinska Analiza Teksta Uporabom Konceptnog Indeksiranja},
  Author                   = {Dobsa, J.},
  School                   = {Sveuciliste u Zagrebu, Fakultet Elektrotehnike i Raucunarstva},
  Year                     = {2006}
}

@Book{kmeans,
 author = {Hartigan, John},
 title = {Clustering algorithms},
 publisher = {John Wiley \& Sons Inc},
 year = {1975},
 address = {New York},
 isbn = {978-0471356455}
}

@article{aloise2009np,
  title={NP-hardness of Euclidean sum-of-squares clustering},
  author={Aloise, Daniel and Deshpande, Amit and Hansen, Pierre and Popat, Preyas},
  journal={Machine learning},
  volume={75},
  number={2},
  pages={245--248},
  year={2009},
  publisher={Springer}
}


@Article{tropp,
  Title                    = {Finding Structure with Randomness: Probabilistic Algorithms for Constructing Approximate Matrix Decompositions},
  Author                   = {Halko, N. and Martinsson, P. G. and Tropp, J. A.},
  Journal                  = {Society for Industrial and Applied Mathematics Review},
  Year                     = {2011},
  Month                    = may,
  Number                   = {2},
  Pages                    = {217--288},
  Volume                   = {53},
  Acmid                    = {2078881},
  Address                  = {Philadelphia, PA, USA},
  Doi                      = {10.1137/090771806},
  ISSN                     = {0036-1445},
  Issue_date               = {May 2011},
  Keywords                 = {Johnson-Lindenstrauss lemma, dimension reduction, eigenvalue decomposition, interpolative decomposition, matrix approximation, parallel algorithm, pass-efficient algorithm, principal component analysis, random matrix, randomized algorithm, rank-revealing QR factorization, singular value decomposition, streaming algorithm},
  Numpages                 = {72},
  Publisher                = {Society for Industrial and Applied Mathematics},
  Url                      = {http://dx.doi.org/10.1137/090771806}
}