@InProceedings{europarl,
  Title= {Europarl: A Parallel Corpus for Statistical Machine Translation},
  author={Koehn, Philipp},
  booktitle={The Tenth Machine Translation Summit},
  address={Phuket, Thailand},
  volume={5},
  pages={79--86},
  year={2005},
}

@article{eurovoc,
  author={Rodr\'{i}guez, Jose Mar\'{i}a \'{A}lvarez and Azcona, Emilio Rubiera and Paredes, Luis Polo},
  title={Promoting Government Controlled Vocabularies for the Semantic Web: the EUROVOC Thesaurus and the CPV Product Classification System},
  journal={Semantic Interoperability in the European Digital Library},
  pages={111},
  year={2008}
}

@inproceedings{moses,
 author = {Koehn, Philipp and Hoang, Hieu and Birch, Alexandra and Callison-Burch, Chris and Federico, Marcello and Bertoldi, Nicola and Cowan, Brooke and Shen, Wade and Moran, Christine and Zens, Richard and Dyer, Chris and Bojar, Ond\v{r}ej and Constantin, Alexandra and Herbst, Evan},
 title = {Moses: Open Source Toolkit for Statistical Machine Translation},
 booktitle = {Proceedings of the 45th Annual Meeting of the ACL on Interactive Poster and Demonstration Sessions},
 series = {ACL '07},
 year = {2007},
 address = {Prague, Czech Republic},
 pages = {177--180},
 url = {http://dl.acm.org/citation.cfm?id=1557769.1557821},
 publisher = {Association for Computational Linguistics},
 address = {Stroudsburg, PA, USA},
}