@Article{Goemans95improvedapproximation,
  Title                    = {Improved Approximation Algorithms for Maximum Cut and Satisfiability Problems Using Semidefinite Programming},
  Author                   = {M. X. Goemans and D.P. Williamson},
  Journal                  = {Journal of the ACM},
  Year                     = {1995},
  Pages                    = {1115--1145},
  Volume                   = {42}
}

@Book{Garey:1990:CIG:574848,
  Title                    = {Computers and Intractability; A Guide to the Theory of NP-Completeness},
  Author                   = {Garey, Michael R. and Johnson, David S.},
  Publisher                = {W. H. Freeman \& Co.},
  Year                     = {1990},
  Address                  = {New York, NY, USA},
}

@Article{Grigoriev,
  Title                    = {Polynomial-time computing over quadratic maps {I}: sampling in real algebraic sets},
  Author                   = {Grigoriev, Dima and Pasechnik, Dmitrii V.},
  Journal                  = {Computational Complexity},
  Year                     = {2005},
  Month                    = apr,
  Number                   = {1},
  Pages                    = {20--52},
  Volume                   = {14},
  Publisher                = {Birkhauser Verlag}
}
