@Article{ccar,
  Title                    = {Regression Canonical Correlation Analysis},
  Author                   = {Jan Rupnik AND Blaz Fortuna},
  Journal                  = {Learning from Multiple Sources, Neural Information Processing Systems 2008 Workshop},
  address = {Whistler Canada},
  Year                     = {2008}
}

@Article{mcca,
  Title                    = {Multi-View Canonical Correlation Analsysis},
  Author                   = {Jan Rupnik AND John Shawe-Taylor},
  Journal                  = {SiKDD 2010},
  Year                     = {2010}
}

@InProceedings{iti,
  title={Cross-lingual document similarity},
  author={Muhi{\v{c}}, Andrej and Rupnik, Jan and {\v{S}}kraba, Primo{\v{z}}},
  booktitle={Information Technology Interfaces (ITI), Proceedings of the ITI 2012 34th International Conference on},
  pages={387--392},
  year={2012},
  Address = {Cavtat / Dubrovnik, Croatia},
  organization={IEEE}
}

@InProceedings{sikdd,
  Title                    = {Multilingual Document Retrieval through Hub Languages},
  Author                   = {Jan~Rupnik AND Andrej~Muhic AND Primoz~Skraba},
  address = {Ljubljana, Slovenia},
  BookTitle                  = {Proceedings of the 15th Multiconference on Information Society 2012 (IS-2012)},
  pages = {201--204},
  Year                     = {2012}
}

@Article{nips,
  Title                    = {Low-rank approximations for large, multi-lingual data},
  Author                   = {Jan~Rupnik AND Andrej~Muhic AND Primoz~Skraba},
  Journal                  = {Low Rank Approximation and Sparse Representation, Neural Information Processing Systems 2011 Workshop},
  address = {Granada, Spain},
  Year                     = {2011}
}

@Article{nips2,
  Title                    = {Spanning Spaces: Learning Cross-Lingual Similarities},
  Author                   = {Jan~Rupnik AND Andrej~Muhic AND Primoz~Skraba},
  Journal                  = {Beyond Mahalanobis: Supervised Large-Scale Learning of Similarity, Neural Information Processing Systems 2011 Workshop},
  address = {Granada, Spain},
  Year                     = {2011}
}