@inproceedings{Trampus2012,
  address = {Ljubljana, Slovenia},
  author = {Trampu\v{s}, Mitja and Novak, Bla\v{z}},
  booktitle = {Proceedings of 15th Multiconference on Information Society {IS}},
  pages = {221--224},
  address = {Ljubljana, Slovenia},
  title = {The Internals Of An Aggregated Web News Feed},
  year = {2012}
}

@inproceedings{brank2014,
  title = {A high-performance multithreaded approach for clustering a stream of documents},
  pages = {5-8},
  author = {Brank, Janez and Leban, Gregor and Grobelnik, Marko},
  booktitle = {Proceedings of the 17th International Multiconference Information Society {IS}},
  address = {Ljubljana, Slovenia},
  year = {2014}
}

@InProceedings{Leban2014I,
  Title                    = {Cross-lingual detection of world events from news articles},
  Author                   = {Leban, Gregor and Fortuna, Blaz and Brank, Janez and Grobelnik, Marko},
  Booktitle                = {Proceedings of the 13th International Semantic Web Conference {ISWC}},
  Address                  = {Riva del Garda - Trentino, Italy},
  Year                     = {2014},
  Pages                    = {21--24}
}

@InProceedings{Leban2014W,
  Title                    = {Event Registry: Learning About World Events from News},
  Author                   = {Leban, Gregor and Fortuna, Blaz and Brank, Janez and Grobelnik, Marko},
  Booktitle                = {Proceedings of the Companion Publication of the 23rd International Conference on World Wide Web {WWW} Companion},
  Address = { Seoul, Republic of Korea},
  Year                     = {2014},
  Pages                    = {107--110},
  Publisher                = {International World Wide Web Conferences Steering Committee},
  Series                   = {WWW Companion '14}
}

@InProceedings{Leetaru2013Gdelt,
  Title                    = {GDELT: Global data on events, location, and tone, 1979--2012},
  Author                   = {Leetaru, Kalev and Schrodt, Philip A},
  Booktitle                = {International Studies Association {ISA} Annual Convention},
  Address = {San Francisco, California, USA},
  Year                     = {2013},
  Pages                    = {4},
  Volume                   = {2}
}

@inproceedings{pouliquen2008story,
  title={Story tracking: linking similar news over time and across languages},
  author={Pouliquen, Bruno and Steinberger, Ralf and Deguernel, Olivier},
  booktitle={Proceedings of the Workshop on Multi-source Multilingual Information Extraction and Summarization},
  address = {Manchester, United Kingdom},
  pages={49--56},
  year={2008},
  organization={Association for Computational Linguistics}
}

@Article{Steinberger2008,
  title={NewsExplorer: Multilingual News Analysis with Cross-Lingual Linking},
  author={Steinberger, Ralf and Pouliquen, Bruno and Ignat, Camelia},
  journal={Proceedings of the 30th International Conference on Information Technology Interfaces {ITI}},
  Address = {Cavtat / Dubrovnik, Croatia},
  year={2005}
}
