@article{barvinok,
title = "Problems of distance geometry and convex properties of quadratic maps",
author = "Barvinok, {A. I.}",
year = "1995",
month = "12",
volume = "13",
pages = "189--202",
journal = "Discrete and Computational Geometry",
number = "1",
}

@TECHREPORT{Alfakih,
    author = {Abdo Y. Alfakih and Henry Wolkowicz},
    title = {On the Embeddability of Weighted Graphs in Euclidean Spaces},
    year = {1998}
}

@book{Luenberger,
 author = {Luenberger, David G. and Ye, Yinyu},
 title = {Linear and Nonlinear Programming},
 year = {2015},
 publisher = {Springer Publishing Company, Incorporated},
}


@article{todd2008study,
  title={A study of search directions in primal-dual interior-point methods for semidefinite programming},
  author={Todd, Michael J},
  journal={Optimization methods and software},
  year={2008},
  publisher={Taylor \& Francis}
}

@article{wang2009new,
  title={A new primal-dual path-following interior-point algorithm for semidefinite optimization},
  author={Wang, GQ and Bai, YQ},
  journal={Journal of Mathematical Analysis and Applications},
  volume={353},
  number={1},
  pages={339--349},
  year={2009},
  publisher={Elsevier}
}


@inproceedings{arora2007combinatorial,
  title={A combinatorial, primal-dual approach to semidefinite programs},
  author={Arora, Sanjeev and Kale, Satyen},
  booktitle={Proceedings of the thirty-ninth annual ACM symposium on Theory of computing},
  pages={227--236},
  year={2007},
  organization={ACM}
}

@article{lu2007large,
  title={Large-scale semidefinite programming via a saddle point Mirror-Prox algorithm},
  author={Lu, Zhaosong and Nemirovski, Arkadi and Monteiro, Renato DC},
  journal={Mathematical programming},
  volume={109},
  number={2-3},
  pages={211--237},
  year={2007},
  publisher={Springer}
}

@article{helmberg2000spectral,
  title={A spectral bundle method for semidefinite programming},
  author={Helmberg, Christoph and Rendl, Franz},
  journal={SIAM Journal on Optimization},
  volume={10},
  number={3},
  pages={673--696},
  year={2000},
  publisher={SIAM}
}
